<?xml version="1.0" encoding="UTF-8"?><collection xmlns="http://www.loc.gov/MARC21/slim"><record><leader>00359nam--2200133-i-4500</leader><controlfield tag="001">000050217</controlfield><controlfield tag="002">20161230</controlfield><controlfield tag="005">20161230201048</controlfield><controlfield tag="008">060222s1000------------r-----000-0-eng-d</controlfield><datafield ind1=" " ind2=" " tag="080"><subfield code="a">539.128</subfield></datafield><datafield ind1=" " ind2=" " tag="100"><subfield code="a">Barbashov, B.M. I Nesterenko, V.V</subfield></datafield><datafield ind1=" " ind2=" " tag="245"><subfield code="a">Model reliativistskoi struny v fizike adronov</subfield></datafield><datafield ind1=" " ind2=" " tag="260"><subfield code="a">Moskva, Energoatomizdat, 1987, 175s</subfield></datafield><datafield ind1=" " ind2=" " tag="852"><subfield code="a">74368</subfield></datafield></record></collection>